@book{Welch:2011,
 author = {Welch, Thad B. and Wright, Cameron H. G. and Morrow, Michael G.},
 title = {Real-Time Digital Signal Processing from MATLAB to C with the TMS320C6x DSPs, Second Edition},
 year = {2011},
 isbn = {1439883033, 9781439883037},
 edition = {2nd},
 publisher = {CRC Press, Inc.},
 address = {Boca Raton, FL, USA},
} 
